@book{montesi2023introduction,
  title={Introduction to Choreographies},
  author={Montesi, Fabrizio},
  year={2023},
  publisher={Cambridge University Press}
}
@misc{montesiChoreographies,
  author = {Fabrizio Montesi},
  title = {Introduction to Choreographies},
  year = {2023},
  note = {Available at: \url{https://www.fabriziomontesi.com/introduction-to-choreographies/}. Accessed: 2025-07-08}
}
@article{cruz2020core,
  title={A core model for choreographic programming},
  author={Cruz-Filipe, Lu{\'\i}s and Montesi, Fabrizio},
  journal={Theoretical Computer Science},
  volume={802},
  pages={38--66},
  year={2020},
  publisher={Elsevier}
}
@article{rice1953classes,
  title={Classes of recursively enumerable sets and their decision problems},
  author={Rice, Henry Gordon},
  journal={Transactions of the American Mathematical society},
  volume={74},
  number={2},
  pages={358--366},
  year={1953},
  publisher={JSTOR}
}
@article{plotkin2004origins,
  title={The origins of structural operational semantics},
  author={Plotkin, Gordon D},
  journal={The Journal of Logic and Algebraic Programming},
  volume={60},
  pages={3--15},
  year={2004},
  publisher={Elsevier}
}
@inproceedings{kahn1987natural,
  title={Natural semantics},
  author={Kahn, Gilles},
  booktitle={Annual symposium on theoretical aspects of computer science},
  pages={22--39},
  year={1987},
  organization={Springer}
}
@misc{iso27001_2022,
  title        = {{ISO/IEC 27001:2022}},
  author       = {{International Organization for Standardization}},
  year         = {2022},
  howpublished = {\url{https://www.iso.org/standard/82875.html}},
  note         = {Accessed: 2025-07-11}
}
@article{zhang2022data,
  title={Data breach: analysis, countermeasures and challenges},
  author={Zhang, Xichen and Yadollahi, Mohammad Mehdi and Dadkhah, Sajjad and Isah, Haruna and Le, Duc-Phong and Ghorbani, Ali A},
  journal={International Journal of Information and Computer Security},
  volume={19},
  number={3-4},
  pages={402--442},
  year={2022},
  publisher={Inderscience Publishers (IEL)}
}
@article{denning1976lattice,
  title={A lattice model of secure information flow},
  author={Denning, Dorothy E},
  journal={Communications of the ACM},
  volume={19},
  number={5},
  pages={236--243},
  year={1976},
  publisher={ACM New York, NY, USA}
}
@inproceedings{ngo2018impossibility,
  title={Impossibility of precise and sound termination-sensitive security enforcements},
  author={Ngo, Minh and Piessens, Frank and Rezk, Tamara},
  booktitle={2018 IEEE Symposium on Security and Privacy (SP)},
  pages={496--513},
  year={2018},
  organization={IEEE}
}
@inproceedings{goguen1982security,
  title={Security policies and security models},
  author={Goguen, Joseph A and Meseguer, Jos{\'e}},
  booktitle={1982 IEEE Symposium on Security and Privacy},
  pages={11--11},
  year={1982},
  organization={IEEE}
}
@article{volpano1996sound,
  title={A sound type system for secure flow analysis},
  author={Volpano, Dennis and Irvine, Cynthia and Smith, Geoffrey},
  journal={Journal of computer security},
  volume={4},
  number={2-3},
  pages={167--187},
  year={1996},
  publisher={SAGE Publications Sage UK: London, England}
}
@article{sabelfeld2003language,
  title={Language-based information-flow security},
  author={Sabelfeld, Andrei and Myers, Andrew C},
  journal={IEEE Journal on selected areas in communications},
  volume={21},
  number={1},
  pages={5--19},
  year={2003},
  publisher={IEEE}
}
@book{nielson1992semantics,
  title={Semantics with applications},
  author={Nielson, Hanne Riis and Nielson, Flemming},
  volume={104},
  year={1992},
  publisher={Springer}
}
@book{winskel1993formal,
  title={The formal semantics of programming languages: an introduction},
  author={Winskel, Glynn},
  year={1993},
  publisher={MIT press}
}
@incollection{hedin2012perspective,
  title={A perspective on information-flow control},
  author={Hedin, Daniel and Sabelfeld, Andrei},
  booktitle={Software safety and security},
  pages={319--347},
  year={2012},
  publisher={IOS Press}
}
@inproceedings{volpano1997eliminating,
  title={Eliminating covert flows with minimum typings},
  author={Volpano, Dennis and Smith, Geoffrey},
  booktitle={Proceedings 10th Computer Security Foundations Workshop},
  pages={156--168},
  year={1997},
  organization={IEEE}
}
@article{myers2011proving,
  title={Proving noninterference for a while-language using small-step operational semantics},
  author={Myers, Andrew},
  year={2011}
}
@article{wright1994syntactic,
  title={A syntactic approach to type soundness},
  author={Wright, Andrew K and Felleisen, Matthias},
  journal={Information and computation},
  volume={115},
  number={1},
  pages={38--94},
  year={1994},
  publisher={Elsevier}
}
@book{barendregt1984lambda,
  title={The lambda calculus},
  author={Barendregt, Hendrik P and others},
  volume={3},
  year={1984},
  publisher={North-Holland Amsterdam}
}
@inproceedings {197207,
author = {Jose Bacelar Almeida and Manuel Barbosa and Gilles Barthe and Fran{\c c}ois Dupressoir and Michael Emmi},
title = {Verifying {Constant-Time} Implementations},
booktitle = {25th USENIX Security Symposium (USENIX Security 16)},
year = {2016},
isbn = {978-1-931971-32-4},
address = {Austin, TX},
pages = {53--70},
url = {https://www.usenix.org/conference/usenixsecurity16/technical-sessions/presentation/almeida},
publisher = {USENIX Association},
month = aug
}
@inproceedings{kelsey1998side,
  title={Side channel cryptanalysis of product ciphers},
  author={Kelsey, John and Schneier, Bruce and Wagner, David and Hall, Chris},
  booktitle={European Symposium on Research in Computer Security},
  pages={97--110},
  year={1998},
  organization={Springer}
}

@article{cruz2023formal,
  title={A formal theory of choreographic programming},
  author={Cruz-Filipe, Lu{\'\i}s and Montesi, Fabrizio and Peressotti, Marco},
  journal={Journal of Automated Reasoning},
  volume={67},
  number={2},
  pages={21},
  year={2023},
  publisher={Springer}
}
@book{pierce2002types,
  title={Types and programming languages},
  author={Pierce, Benjamin C},
  year={2002},
  publisher={MIT press}
}
@article{tarski1955lattice,
  title={A lattice-theoretical fixpoint theorem and its applications.},
  author={Tarski, Alfred},
  year={1955}
}
@article{castagna2012global,
  title={On global types and multi-party session},
  author={Castagna, Giuseppe and Dezani-Ciancaglini, Mariangiola and Padovani, Luca},
  journal={Logical Methods in Computer Science},
  volume={8},
  year={2012},
  publisher={Episciences. org}
}
@article{al2015comparison,
  title={The comparison between forward and backward chaining},
  author={Al-Ajlan, Ajlan},
  journal={International Journal of Machine Learning and Computing},
  volume={5},
  number={2},
  pages={106--113},
  year={2015},
  publisher={EJournal Publishing}
}
@Misc{mathlib4,
  author       = {The mathlib Community},
  title        = {{mathlib4}: The Lean Mathematical Library for Lean~4},
  howpublished = {GitHub repository},
  year         = {2025},
  url          = {https://github.com/leanprover-community/mathlib4},
  note         = {Accessed 2025-10-04}
}
@article{howard1980formulae,
  title={The formulae-as-types notion of construction},
  author={Howard, William A and others},
  journal={To HB Curry: essays on combinatory logic, lambda calculus and formalism},
  volume={44},
  pages={479--490},
  year={1980}
}
@incollection{harrison2014history,
  title={History of interactive theorem proving},
  author={Harrison, John and Urban, Josef and Wiedijk, Freek},
  booktitle={Handbook of the History of Logic},
  volume={9},
  pages={135--214},
  year={2014},
  publisher={Elsevier}
}
